<?xml version="1.0" encoding="UTF-8"?><collection xmlns="http://www.loc.gov/MARC21/slim"><record><leader>00391nam--2200145-i-4500</leader><controlfield tag="001">000040306</controlfield><controlfield tag="002">20161230</controlfield><controlfield tag="005">20161230201042</controlfield><controlfield tag="008">060222s1000------------r-----000-0-eng-d</controlfield><datafield ind1=" " ind2=" " tag="080"><subfield code="a">621.791:669</subfield></datafield><datafield ind1=" " ind2=" " tag="100"><subfield code="a">Rusu, D</subfield></datafield><datafield ind1=" " ind2=" " tag="245"><subfield code="a">Progrese in studierea metalelor</subfield></datafield><datafield ind1=" " ind2=" " tag="260"><subfield code="a">Bucuresti, Inst.Nat.De Informare Si Docum., 1977, 60p</subfield></datafield><datafield ind1=" " ind2=" " tag="490"><subfield code="a">Progrese In Stiinta Si Tehnologie</subfield></datafield><datafield ind1=" " ind2=" " tag="852"><subfield code="a">43873</subfield></datafield></record></collection>